%% This BibTeX bibliography file was created using BibDesk.
%% http://bibdesk.sourceforge.net/

%% Created for Tim Benedikt Herbstrith at 2016-11-08 15:11:54 +0100 


%% Saved with string encoding Unicode (UTF-8) 



@misc{thmtools,
	Author = {Ulrich M. Schwarz },
	Date = {2014-04-21},
	Date-Added = {2016-11-08 14:10:26 +0000},
	Date-Modified = {2016-11-08 14:11:53 +0000},
	Note = {v66},
	Title = {Thmtools Users' Guide},
	Url = {http://mirror.easyname.at/ctan/macros/latex/exptl/thmtools/thmtools.pdf}}

@misc{amsthm,
	Annote = {
},
	Author = {{American Mathematical Society, Publications Technical Group}},
	Date-Added = {2016-11-07 18:33:38 +0000},
	Date-Modified = {2016-11-08 13:44:40 +0000},
	Month = {04},
	Note = {Version 2.20.2},
	Title = {Using the \texttt{amsthm} Package},
	Url = {http://mirror.easyname.at/ctan/macros/latex/required/amscls/doc/amsthdoc.pdf},
	Year = {2015}}

@misc{biblatex-de,
	Author = {Philipp Lehman},
	Note = {{\"U}bersetzt von Christine R{\"o}mer, Bestandteil der Online-Dokumentation von \LaTeX, Datei \texttt{biblatex-de.pdf}.},
	Title = {Das biblatex Paket}}

@misc{typokurz,
	Author = {Christoph Bier},
	Language = {Deutsch},
	Month = {Mai},
	Owner = {patrick},
	Timestamp = {2012.06.18},
	Title = {typokurz --- Einige wichtige typografische Regeln},
	Url = {http://zvisionwelt.files.wordpress.com/2012/01/typokurz.pdf},
	Year = {2009},
	Bdsk-Url-1 = {http://zvisionwelt.files.wordpress.com/2012/01/typokurz.pdf}}

@misc{babel,
	Author = {Johannes Braams},
	Month = {11},
	Owner = {patrick},
	Timestamp = {2012.06.19},
	Title = {Babel, a multilingual package for use with \LaTeX's standard document classes},
	Url = {http://mirror.ctan.org/info/babel/babel.pdf},
	Year = {2011},
	Bdsk-Url-1 = {http://mirror.ctan.org/info/babel/babel.pdf}}

@misc{grfguide,
	Author = {D. P. Carlisle},
	Note = {Bestandteil der Online-Dokumentation von \LaTeX, Datei \texttt{grfguide.ps}.},
	Title = {Packages in the \glqq graphics\grqq{} bundle}}

@misc{ch8,
	Author = {M. Goossens and F. Mittelbach and A.~Samarin},
	Note = {Aktualisierte Fassung (1998) von Kapitel\ 8 aus \cite{wonne-eng}.\\ \url{ftp://dante.ctan.org/tex-archive/info/companion-rev/ch8.pdf}},
	Title = {Higher Mathematics}}

@book{wonne,
	Author = {M. Goossens and F. Mittelbach and A. Samarin},
	Edition = {2.~korr.\ Nachdruck},
	Note = {Deutsche {\"U}bersetzung von~\cite{wonne-eng}},
	Publisher = {Addison-Wesley},
	Title = {Der \LaTeX-Begleiter},
	Year = {1996}}

@book{wonne-eng,
	Author = {M. Goossens and F. Mittelbach and A. Samarin},
	Publisher = {Addison-Wesley},
	Title = {The \LaTeX{} Companion},
	Year = {1994}}

@book{grfcomp,
	Address = {Longman},
	Author = {M. Goossens and S. Rahtz and F. Mittelbach},
	Publisher = {Addison-Wesley},
	Title = {The \LaTeX{} Graphics Companion},
	Year = {1997}}

@book{texbook,
	Author = {D. E. Knuth},
	Publisher = {Addison-Wesley},
	Title = {Computers \& Typesetting, Vol.\ A: The \TeX{}~Book},
	Year = {1991}}

@misc{scrguide,
	Author = {M. Kohm and J.-U. Morawski},
	Note = {Bestandteil der Online-Dokumentation von \LaTeX, Datei \texttt{scrguide.pdf}.},
	Title = {KOMA -- Script ein wandelbares \LaTeXe-Paket}}

@book{manual,
	Address = {Deutschland},
	Author = {L. Lamport},
	Note = {Deutsche {\"U}bersetzung von~\cite{manual-eng}},
	Publisher = {Addison-Wesley},
	Title = {Das \LaTeX-Handbuch},
	Year = {1995}}

@book{manual-eng,
	Author = {L. Lamport},
	Edition = {2.~Aufl.},
	Publisher = {Addison-Wesley},
	Title = {\LaTeX, A Document Preparation System},
	Year = {1994}}

@article{lay2,
	Author = {D. F. Langmyhr},
	Journal = {Proceedings of the Eighth European \TeX{} Conference},
	Title = {How to make your own document style in \LaTeXe},
	Year = {1994}}

@misc{symbols,
	Author = {Scott Pakin},
	Month = {11},
	Owner = {patrick},
	Timestamp = {2012.06.19},
	Title = {The Comprehensive \LaTeX{} Symbol List},
	Url = {http://mirror.ctan.org/info/symbols/comprehensive/symbols-a4.pdf},
	Year = {2009},
	Bdsk-Url-1 = {http://mirror.ctan.org/info/symbols/comprehensive/symbols-a4.pdf}}

@article{germtug,
	Author = {H. Partl},
	Journal = {TUG\-boat},
	Number = {1},
	Title = {German \TeX},
	Volume = {9},
	Year = {1988}}

@misc{lay,
	Author = {H. Partl and A. Kielhorn},
	Note = {EDV-Zentrum der Technischen Universit{\"a}t Wien (1996).\\ \url{ftp://dante.ctan.org/tex-archive/macros/latex/^^J contrib/supported/refman/}},
	Title = {Layout-{\"A}nderungen mit \LaTeX}}

@misc{germdoc,
	Author = {B. Raichle},
	Note = {\url{ftp://dante.ctan.org/tex-archive/language/german/gerdoc.tex}},
	Title = {Kurzbeschreibung -- \texttt{german.sty}}}

@misc{faq,
	Author = {Patrick Gundlach},
	Note = {\url{http://texfragen.de/}},
	Title = {Fragen und Antworten (FAQ) {\"u}ber das Textsatzsystem \TeX{}}}

@misc{epslatex,
	Author = {K. Reckdahl},
	Note = {\url{ftp://dante.ctan.org/tex-archive/info/epslatex.ps}},
	Title = {Using Imported Graphics in \LaTeXe},
	Year = {1997}}

@misc{typografie,
	Author = {A. Reichert},
	Note = {\url{ftp://dante.ctan.org/info/german/typografie/}},
	Title = {Typografie -- Gestaltung einer Beispielklasse},
	Year = {1997}}

@misc{postscript,
	Author = {W. Schmidt},
	Note = {Bestandteil der Online-Dokumentation von \LaTeX{} (seit Juni~2000), Datei \texttt{psnfss2e.pdf}.},
	Title = {Using common PostScript fonts with \LaTeX}}

@book{schwarz,
	Author = {N. Schwarz},
	Edition = {3.~Aufl.},
	Publisher = {Oldenbourg},
	Title = {Einf{\"u}hrung in \TeX -- incl.\ Version~3.0},
	Year = {1991}}

@misc{mathmode,
	Author = {Herbert Vo\ss},
	Note = {Bestandteil der Online-Dokumentation von \LaTeX, Datei \texttt{mathmode.pdf}.},
	Title = {Math mode}}

@misc{clsguide,
	Editor = {{\LaTeX3 Project Team}},
	Note = {Bestandteil der Online-Dokumentation von \LaTeX, Datei \texttt{clsguide.tex}.},
	Title = {\LaTeXe{} for class and package writers}}

@misc{fntguide,
	Editor = {{\LaTeX3 Project Team}},
	Note = {Bestandteil der Online-Dokumentation von \LaTeX, Datei \texttt{fntguide.tex}.},
	Title = {\LaTeXe{} font selection}}

@misc{usrguide,
	Editor = {{\LaTeX3 Project Team}},
	Note = {Bestandteil der Online-Dokumentation von \LaTeX, Datei \texttt{usrguide.tex}. Aktuelle {\"A}nderungen und Erg{\"a}nzungen sowie die Unterschiede zum fr{\"u}heren \LaTeX~2.09 sind hier dokumentiert.},
	Title = {\LaTeXe{} for authors}}

@misc{local,
	Note = {Zu jedem installierten \LaTeX-System sollte ein \emph{\LaTeX{} Local Guide} vorhanden sein, in dem alle f{\"u}r dieses System spezifischen Angaben -- z.\,B.~die f{\"u}r den Aufruf der Programme notwendigen Befehle und die zur Verf{\"u}gung stehenden Dokumentklassen, Pakete und Schriften -- angef{\"u}hrt sind.}}
